

@misc{adams2020ETH,
	author    = {Ryan Sean Adams},
	title     = {{ETH} is irreplaceable},
	url       = {https://newsletter.banklesshq.com/p/eth-is-irreplaceable},
	year	= 2020
}

@techreport{egorov2019stableswap,
	author    = {Michael Egorov},
	title     = {StableSwap - efficient mechanism for Stablecoin liquidity},
	url     = {https://www.curve.fi/stableswap-paper.pdf},
	year	= 2019,
}

@misc{chen2020zero,
	author    = {James Chen},
	title     = {Zero-Coupon Bond},
	url       = {https://www.investopedia.com/terms/z/zero-couponbond.asp},
	year	= 2020
}

@misc{2021SushiSwap,
	title = {SushiSwap},
	year = {2021},
	publisher = {GitHub},
	journal = {GitHub repository},
	howpublished = {\url{https://github.com/sushiswap/sushiswap}},
}

